<record><leader>00000cas a22000007a 4500</leader><controlfield tag="001">14575787</controlfield><controlfield tag="008">861030u1887uuuutxuwr ne      0    0eng d</controlfield><datafield ind1=" " ind2=" " tag="010"><subfield code="a">sn 86089884 </subfield></datafield><datafield ind1=" " ind2=" " tag="040"><subfield code="a">PPM</subfield><subfield code="b">eng</subfield><subfield code="c">PPM</subfield><subfield code="d">OCLCQ</subfield></datafield><datafield ind1=" " ind2=" " tag="042"><subfield code="a">msc</subfield></datafield><datafield ind1="0" ind2="0" tag="245"><subfield code="a">North Texas farmer.</subfield></datafield><datafield ind1=" " ind2=" " tag="260"><subfield code="a">Paris, Tex. :</subfield><subfield code="b">Farmers' Pub. Co.</subfield></datafield><datafield ind1=" " ind2=" " tag="300"><subfield code="a">v.</subfield></datafield><datafield ind1=" " ind2=" " tag="310"><subfield code="a">Weekly</subfield></datafield><datafield ind1="1" ind2=" " tag="362"><subfield code="a">Began in 1887?</subfield></datafield><datafield ind1=" " ind2=" " tag="588"><subfield code="a">Description based on: Vol. 2, no. 50 (Dec. 14, 1888).</subfield></datafield><datafield ind1=" " ind2=" " tag="752"><subfield code="a">United States</subfield><subfield code="b">Texas</subfield><subfield code="c">Lamar</subfield><subfield code="d">Paris.</subfield></datafield><datafield ind1="1" ind2=" " tag="029"><subfield code="a">AU@</subfield><subfield code="b">000025784010</subfield></datafield></record>